@article{hutchinson1959,
  title={Homage to Santa Rosalia or why are there so many kinds of animals?},
  author={Hutchinson, G Evelyn},
  journal={American naturalist},
  pages={145--159},
  year={1959},
  publisher={JSTOR}
}
